@incollection {Kisielewicz,
    AUTHOR = {Kisielewicz, Andrzej},
     TITLE = {Varieties of algebras with no nontrivial finite members},
 BOOKTITLE = {Lattices, semigroups, and universal algebra ({L}isbon, 1988)},
     PAGES = {129--136},
 PUBLISHER = {Plenum, New York},
      YEAR = {1990},
      ISBN = {0-306-43412-1},
   MRCLASS = {08B05 (08B20)},
  MRNUMBER = {1085074},
MRREVIEWER = {A.\ A.\ Iskander},
}
